@BOOK  {Giusti,
	AUTHOR={E. Giusti},
	TITLE={Analisi Matematica 1},
	PUBLISHER={Bollati Boringhieri},
	YEAR=2012
	},
@BOOK  {Courant,
	AUTHOR={R. Courant and F. John},
	TITLE={Introduction to calculus and analysis},
	PUBLISHER={Interscience Publishers},
	YEAR=1965
	},
@BOOK  {Marcellini,
	AUTHOR={P. Marcellini and C. Sbordone},
	TITLE={Analisi Matematica uno},
	PUBLISHER={Liguori Editore},
	YEAR=1998
	}
